
@online{site:agile-manifesto,
    title   = {Manifesto Agile},
    url     = {http://agilemanifesto.org/iso/it/ }
}

@online{site:doc-angular,
  title = {Documentazione Angular},
  url   = {https://angular.io/docs }
}

@online{site:doc-neo4j,
  title = {Documentazione Neo4j},
  url   = {https://neo4j.com/docs/ }
}

@online{site:angular-style-guide,
  title = {Angular Style Guide},
  url   = {https://angular.io/guide/styleguide }
}

@online{site:gradle,
  title = {Gralde},
  url   = {https://docs.gradle.org}
}